 @misc{ wiki:sklep,
   author = "Wikipedia",
   title = "Sklep internetowy --- {W}ikipedia{,} The Free Encyclopedia",
   year = "2013",
   url = "\url{http://pl.wikipedia.org/wiki/Sklep_internetowy}",
   note = "[14-June-2013]"
 }
 @misc{ wiki:edi,
   author = "Wikipedia",
   title = "Elektroniczna wymiana danych --- {W}ikipedia{,} The Free Encyclopedia",
   year = "2013",
   url = "\url{http://pl.wikipedia.org/wiki/Electronic_Data_Interchange}",
   note = "[14 czerwiec 2013]"
 }
 @misc{ wiki:crm,
   author = "Wikipedia",
   title = "ZarzÄ…dzanie relacjami z klientami --- {W}ikipedia{,} The Free Encyclopedia",
   year = "2013",
   url = "\url{http://pl.wikipedia.org/wiki/Customer_Relationship_Management}",
   note = "[14 czerwiec 2013]"
 }
 @misc{ wiki:prm,
   author = "Wikipedia",
   title = "Partner Relationship Management --- {W}ikipedia{,} The Free Encyclopedia",
   year = "2013",
   url = "\url{http://pl.wikipedia.org/wiki/Partner_Relationship_Management}",
   note = "[14 czerwiec 2013]"
 }